@article{einstein1935,
  title={Can quantum-mechanical description of physical reality be considered complete?},
  author={Einstein, Albert and Podolsky, Boris and Rosen, Nathan},
  journal={Physical review},
  url    = {https://journals.aps.org/pr/abstract/10.1103/PhysRev.47.777},
  volume={47},
  number={10},
  pages={777},
  year={1935},
  publisher={APS}
}
