@book{brewer83,
  author    = {Brewer, K. R. W. and Hanif, M.},
  title     = {Sampling With Unequal Probabilities},
  publisher = {Springer-Verlag New York, Inc},
  year      = {1983},
  doi       = {10.1007/978-1-4684-9407-5},
  isbn      = {978-1-4684-9407-5}
}

@book{cochran77,
  author    = {William G. Cochran},
  title     = {Sampling Techniques, 3rd edn},
  publisher = {John Wiley & Sons, Inc},
  year      = {1977},
  isbn      = {978-0-471-16240-7}
}

@book{efron94,
  author    = {Efron, Brandley and Tibshirani, R.J.},
  title     = {{An Introduction to the Boostrap}},
  publisher = {Chapman & Hall/CRC},
  year      = {1994},
  isbn      = {978-0-412-04231-7}
}

@article{elbers03,
  author  = {Elbers, C. and Lanjouw, J. O. and Lanjouw, P},
  title   = {Micro-level estimation of poverty and inequality},
  journal = {Econometrica},
  volume  = {71},
  year    = {2003},
  pages   = {355-364},
  doi     = {10.1111/1468-0262.00399},
  url     = {https://onlinelibrary.wiley.com/doi/abs/10.1111/1468-0262.00399}
}

@book{kish65,
  author    = {Leslie Kish},
  title     = {Survey Sampling},
  publisher = {John Wiley & Sons, Inc},
  year      = {1965},
  isbn      = {978-0-471-10949-5}
}

@book{lohr10,
  author    = {Sharon L. Lohr},
  title     = {Sampling: Design and Analysis, 2nd edn},
  publisher = {Cengage Learning, Inc},
  year      = {2010},
  isbn      = {978-0-367-27341-5}
}

@article{lumley04,
  author  = {Thomas Lumley},
  title   = {Analysis of Complex Survey Samples},
  journal = {Journal of Statistical Software},
  volume  = {9},
  number  = {1},
  pages   = {1-19},
  note    = {R package verson 2.2},
  year    = {2004},
  doi     = {10.18637/jss.v009.i08}
}


@book{mcculloch08,
  author    = {McCulloch, C. E. and Searle, S. R. and Neuhaus, J. M.},
  title     = {Generalized, linear, and mixed models},
  publisher = {John Wiley and Sons},
  address   = {New York},
  year      = {2008},
  isbn      = {978-0-470-07371-1}
}

@article{molina10,
  author  = {Molina, I and Rao, J.N.K.},
  title   = {Small area estimation of poverty indicators},
  journal = {Canad. J. Statist.},
  volume  = {38},
  year    = {2010},
  pages   = {369-385},
  doi     = {10.1002/cjs.10051}
}

@book{rao15,
  author    = {Rao, J.N.K. and Molina, I.},
  title     = {Small Area Estimation, 2nd edn},
  publisher = {John Wiley & Sons, Hoboken, New Jersey},
  year      = {2015},
  isbn      = {978-1-118-73578-7}
}

@book{valliant18,
  author    = {Valliant, R. and Dever, J. A.},
  title     = {Survey Weights: A Step-by-Step Guide to Calculation},
  publisher = {Stata Press},
  year      = {2018},
  isbn      = {978-1-59718-260-7}
}

@book{wolter07,
  author    = {Kirk M. Wolter},
  title     = {Introduction to Variance Estimation, 2nd edn},
  publisher = {Springer-Verlag New York, Inc},
  year      = {2007},
  isbn      = {978-0-387-35099-8}
}
