@misc{plotlyjs,
  author = {{Plotly, Inc}},
  title = {Plotly.js: Open-source JavaScript charting library behind {P}lotly and {D}ash},
  year = {2023},
  url = {https://github.com/plotly/plotly.js},
}


@misc{jupyterlite,
  author       = {{JupyterLite Contributors}},
  title        = {JupyterLite: JupyterLab distribution that runs in the browser},
  year         = {2021},
  howpublished = {\url{https://github.com/jupyterlite/jupyterlite}},
  note         = {Accessed: 2025-05-17}
}


@article{rego20153dmol,
  title={3Dmol. js: molecular visualization with WebGL},
  author={Rego, Nicholas and Koes, David},
  journal={Bioinformatics},
  volume={31},
  number={8},
  pages={1322--1324},
  year={2015},
  publisher={Oxford University Press}
}

@misc{Bokeh,
  author       = {{Bokeh Development Team}},
  title        = {Bokeh: Python library for interactive visualization},
  year         = 2018,
  howpublished = {\url{https://github.com/bokeh/bokeh}},
}

@software{pyodide_2021,
  author       = {{Pyodide development team}},
  title        = {pyodide/pyodide},
  month        = aug,
  year         = 2021,
  publisher    = {Zenodo},
  version      = {0.27.6},
  doi          = {10.5281/zenodo.5156931},
  url          = {https://doi.org/10.5281/zenodo.5156931}
}

@incollection{kluyver2016jupyter,
  title={Jupyter Notebooks--a publishing format for reproducible computational workflows},
  author={Kluyver, Thomas and Ragan-Kelley, Benjamin and P{\'e}rez, Fernando and Granger, Brian and Bussonnier, Matthias and Frederic, Jonathan and Kelley, Kyle and Hamrick, Jessica and Grout, Jason and Corlay, Sylvain and others},
  booktitle={Positioning and power in academic publishing: Players, agents and agendas},
  pages={87--90},
  year={2016},
  publisher={IOS press},
  url={https://ebooks.iospress.nl/doi/10.3233/978-1-61499-649-1-87}
}