@article{pyamg2023,
  author    = {Nathan Bell and Luke N. Olson and Jacob Schroder and Ben Southworth},
  title     = {{PyAMG}: Algebraic Multigrid Solvers in Python},
  journal   = {Journal of Open Source Software}
  year      = {2023},
  publisher = {The Open Journal},
  volume    = {8},
  number    = {87},
  pages     = {5495},
  doi       = {10.21105/joss.05495},
  url       = {https://doi.org/10.21105/joss.05495},
}
