@INPROCEEDINGS{beckmann1990,
  author = {Beckmann, N. and Kriegel, H.-P. and Schneider, R. and Seeger, B.},
  title = {{The R*-tree: an efficient and robust access method for points and rectangles}},
  booktitle = {SIGMOD '90 Proceedings of the 1990 ACM SIGMOD International Conference on Management of Data},
  year = {1990},
  pages = {322--331},
  publisher = {ACM},
  comment = {Checked 12/04/2016}
}

@ARTICLE{dunavant1985,
  author = {Dunavant, D. A.},
  title = {{High degree efficient symmetrical Gaussian quadrature rules for
	the triangle}},
  journal = {International Journal for Numerical Methods in Engineering},
  year = {1985},
  volume = {21},
  pages = {1129--1148},
  number = {6},
  comment = {Checked 15/06/2015}
}

@BOOK{eberly2007,
  title = {{3D game engine design: A practical approach to real-time computer
	graphics}},
  publisher = {CRC Press},
  year = {2007},
  author = {Eberly, D. H.},
  edition = {2},
  comment = {Checked 12/05/2015}
}

@ARTICLE{farrell2009,
  author = {Farrell, P. E. and Piggott, M. D. and Pain, C. C. and Gorman, G.
	J. and Wilson, C. R.},
  title = {{Conservative interpolation between unstructured meshes via supermesh
	construction}},
  journal = {Computer Methods in Applied Mechanics and Engineering},
  year = {2009},
  volume = {198},
  pages = {2632--2642},
  comment = {Checked 04/10/2010}
}

@PHDTHESIS{farrell2009a,
  author = {Farrell, P. E.},
  title = {{Galerkin projection of discrete fields via supermesh construction}},
  school = {Imperial College London},
  year = {2009},
  comment = {Checked 08/12/2010}
}

@ARTICLE{farrell2011,
  author = {Farrell, P. E. and Maddison, J. R.},
  title = {{Conservative interpolation between volume meshes by local Galerkin
	projection}},
  journal = {Computer Methods in Applied Mechanics and Engineering},
  year = {2011},
  volume = {200},
  pages = {89--100},
  number = {1-4},
  comment = {Checked 08/12/2010}
}

@INCOLLECTION{gander2009,
  author = {Gander, M. J. and Japhet, C.},
  title = {{An algorithm for non-matching grid projections with linear complexity}},
  booktitle = {Domain Decomposition Methods in Science and Engineering XVIII},
  publisher = {Springer Berlin Heidelberg},
  year = {2009},
  editor = {Bercovier, M. and Gander, M. J. and Kornhuber, R. and Widlund, O.},
  volume = {70},
  series = {Lecture Notes in Computational Science and Engineering},
  pages = {185--192},
  comment = {Checked 14/07/2015}
}

@ARTICLE{gander2013,
  author = {Gander, M. J. and Japhet, C.},
  title = {{Algorithm 932: PANG: Software for nonmatching grid projections in 2D and 3D with linear complexity}},
  journal = {ACM Transactions on Mathematical Software},
  year = {2013},
  volume = {40},
  number = {1},
  pages = {6:1--6:25},
  comment = {Checked 18/02/2016}
}

@ARTICLE{geuzaine2009,
  author = {Geuzaine, C. and Remacle, J.-F.},
  title = {{Gmsh: A 3-D finite element mesh generator with built-in pre- and
	post-processing facilities}},
  journal = {International Journal for Numerical Methods in Engineering},
  year = {2009},
  volume = {79},
  pages = {1309--1331},
  number = {11},
  comment = {Checked 22/05/2016}
}

@INPROCEEDINGS{guttman1984,
  author = {Guttman, A.},
  title = {{R-trees: a dynamic index structure for spatial searching}},
  booktitle = {SIGMOD '84 Proceedings of the 1984 ACM SIGMOD International Conference
        on Management of Data},
  year = {1984},
  pages = {47--57},
  publisher = {ACM},
  comment = {Checked 14/07/2015}
}

@ARTICLE{hammer1956,
  author = {Hammer, P. C. and Stroud, A. H.},
  title = {{Numerical integration over simplexes}},
  journal = {Mathematical Tables and Other Aids to Computation},
  year = {1956},
  volume = {10},
  number = {55},
  pages = {137--139},
  comment = {Checked 13/04/2016}
}

@ARTICLE{higham1993,
  author = {Higham, N. J.},
  title = {{The accuracy of floating point summation}},
  journal = {SIAM Journal on Scientific Computing},
  year = {1993},
  volume = {14},
  pages = {783--799},
  number = {4},
  comment = {Checked 03/12/2014}
}

@ARTICLE{kahan1965,
  author = {Kahan, W.},
  title = {{{Pracniques: Further remarks on reducing truncation errors}}},
  journal = {Communications of the ACM},
  year = {1965},
  volume = {8},
  pages = {40},
  number = {1},
  comment = {Checked 03/12/2014}
}

@TECHREPORT{kahan1973,
  title = {{Implementation of Algorithms, Part I}},
  author = {W. Kahan},
  institution = {Department of Computer Science, University of California, Berkeley},
  year = {1973},
  note = {Lecture notes by W. S. Haugeland and D. Hough},
  number = {20},
  comment = {Checked 29/12/2016}
}

@ARTICLE{karypis1998,
  author = {Karypis, G. and Kumar, V.},
  title = {{A fast and high quality multilevel scheme for partitioning irregular
        graphs}},
  journal = {SIAM Journal on Scientific Computing},
  year = {1998},
  volume = {20},
  pages = {359--392},
  number = {1},
  comment = {Checked 04/10/2010}
}

@ARTICLE{samet1984,
  author = {Samet, H.},
  title = {{The quadtree and related heirarchical data structures}},
  journal = {ACM Computing Surveys},
  year = {1984},
  volume = {16},
  pages = {187--260},
  issue = {2},
  comment = {Checked 12/04/2016}
}

@BOOK{stroud1971,
  title = {{Approximate calculation of multiple integrals}},
  publisher = {Prentice-Hall, Inc.},
  year = {1971},
  author = {Stroud, A. H.},
  comment = {Checked 03/12/2015}
}

@ARTICLE{sutherland1974,
  author = {Sutherland, I. E. and Hodgman, G. W.},
  title = {{Reentrant polygon clipping}},
  journal = {Communications of the ACM},
  year = {1974},
  volume = {17},
  number = {1},
  pages = {32--42},
  comment = {Checked 11/04/2016}
}

@BOOK{wenger2013,
  title = {{Isosurfaces: Geometry, topology, and algorithms}},
  publisher = {CRC Press},
  year = {2013},
  author = {Wenger, R.},
  comment = {Checked 11/04/2016}
}  
